@Article{martins_mdo,
  author =       "Joaquim R.R. Martins and Andrew B. Lambe",
  title =        "Multidisciplinary Design Optimization: A survey of Architectures",
  journal =      "AIAA Journal",
  year =         "2013",
}

@article{gpintro,
  author =       "Stephen Boyd and Seung-Jean Kim and Lieven Vanderberghe and Arash Hassibi",
  title =        "A tutorial on geometric programming",
  journal =      "Optim Eng", 
  year =         "2007",
}

@Misc{gpkit,
      author={Edward Burnell and Warren Hoburg},
      title={GPkit software for geometric programming},
      howpublished={\url{https://github.com/hoburg/gpkit}},
      year={2015},
      note={Version 0.4.0}
     }

@Article{gpfitpaper,
  author =       "Warren Hoburg and Philippe Kirschen and Pieter Abbeel",
  title =        "Data fitting with geometric-programming-compatible softmax functions",
  journal =      "Optim Eng",
  year =         "2016",
}

@Article{gp_ac_design,
  author =       "Warren Hoburg and Pieter Abbeel",
  title =        "Geometric Programming for Aircraft Design Optimization",
  journal =      "AIAA Journal",
  year =         "2014",
}

@Misc{gpfit,
      author={Philippe Kirschen and Warren Hoburg},
      title={GPfit},
      howpublished={\url{https://github.com/convexopt/gpfit}},
      year={2015},
      note={Version 0.1}
}

@article{sigeqpaper,
  author =       "Max M.J. Opgenoord and Brian S. Cohen and Warren W. Hoburg",
  title =        "Equality Constraints for Signomial Programming",
  journal =      "Optim Eng",
  year =         "2016",
}

@article{spsolutions,
  author =       "Thomas Lipp and Stephen Boyd",
  title =        "Variations and extension of the convex concave procedure",
  journal =      "Optim Eng",
  year =         "2015",
}

@article{d8config,
  author =       "Mark Drela",
  title =        "Development of the D8 Transport Configuration",
  journal =      "AIAA Applied Aerodynamics Conference",
  year =         "2011",
}

@article{SP_ac_design,
  author =       "Philippe G. Kirschen and Edward E. Burnell and Warren W. Hoburg",
  title =        "Signomial Programming Models for Aircraft Design",
  journal =      "AIAA SciTech",
  year =         "2016",
}

@techreport{tasopt,
     title = {N3 Aircraft Concept Designs and Trade Studies - Appendix. Technical Report NASA CR-2010-216794/VOL2},
     author = {Mark Drela},
     year = {2010},
     institution = {NASA},
     Date-Added = {2010-03-20},
}

@book{convex,
  author    = {Stephen Boyd and Lieven Vandenberghe}, 
  title     = {Convex Optimization},
  publisher = {Cambridge University Press},
  year      = 2009,
  address   = {The address},
  edition   = 7,
  isbn      = {0 521 83378 7}
}

@Book{duffingp,
  author =       "R.J Duffin and E.L. Peterson and C. Zener",
  title =        "Geometric programming: theory and application",
  publisher =      "Wiley New York",
  year =         "1967",
}

@Misc{mosek,
      author={ApS},
      title={The MOSEK C optimizer API manual},
      year={2015},
      note={Version 7.1 (Revision 41)}
}

@article{enginesizing,
  author =       "Nicholas A. Cumptsy",
  title =        "Preparing for the Future: Reducing Gas Turbine Environmental Impact IGTI Scholar Lecture",
  journal =      "Journal of Turobmachinery",
  year =         "2010",
}

@techreport{e3,
     title = {Energy Efficient Engine Flight Propulsion System Aircraft/Engine Integration Evaluation},
     author = {GeneralElectric},
     year = {1980},
     institution = {NASA},
     Date-Added = {1980-06-10},
}

@Misc{NPSS,
      author={Southwest Research Institute},
      title={Numerical Propulsion System Simulation},
      howpublished={\url{http://www.swri.org/npss/purchase.asp}},
     }
     
@book{andersonperformance,
  author={Anderson, John D},
  title={Aircraft Performance and Design},
  address={Boston, Massachusetts},
  year={1999},
  publisher={WCB McGraw-Hill},
}

@InCollection{xfoil,
  title		= {XFOIL: An Analysis and Design System for Low Reynolds
		  Number Airfoils},
  author	= {Drela, Mark},
  booktitle	= {Low Reynolds Number Aerodynamics},
  pages		= {1--12},
  year		= {1989},
  publisher	= {Springer}
}

@Misc{cfm,
      howpublished = {\url{https://www.cfmaeroengines.com/engines/cfm56/}},
     }
     
@techreport{eds,
     title = {Environmental Design Space (EDS) Overview},
     author = {D. Marvis},
     year = {2010},
     institution = {Presentation to the Transportation Research Board, Papers and Briefings on the Development Program for the Aviation Environmental Tool Suite, Workshop no. 4, Dec. 6-8, 2006, URL: \url{http://www.faa.gov/about/office_org/headquarters_offices/apl/research/models/history/media/05_DM_Overview-EDS_2006-11-28_FINAL.pdf}},
     Date-Added = {2014-02},
}

@Book{		  raymer,
  author	= {Raymer, Daniel P.},
  title		= {Aircraft Design: A Conceptual Approach},
  address	= {Reston, Virginia},
  year		= {2006},
  publisher	= {American Institute of Aeronautics and Astronautics},
  edition	= {4th}
}

@Misc{exxonJetA,
      author={Exxon Mobil},
      title={Jet Fuel Product Properties},
      howpublished={\url{https://www.exxonmobil.com/English-FI/Commercial-Fuel/pds/GLXXJetFuel-Series}},
     }
     
@phdthesis{yutko,
  author       = {Brian Yutko}, 
  title        = {The Impact of Aircraft Design Reference Mission on Fuel Efficiency in the Air Transportation System},
  school       = {Massachussets Institute of Technology},
  year         = 2013,
  month        = 10,
}

@phdthesis{hall_thesis,
  author       = {David Hall}, 
  title        = {Analysis of Civil Aircraft Propulsors with Boundary Layer Ingestion},
  school       = {Massachussets Institute of Technology},
  year         = 2015,
  month        = 2,
}

@Misc{blasius_soln,
      author={Kim A. Shollenberger},
      title={Mechanical Engineering 347 - Fluid Mechanics II Course Notes},
      howpublished={\url{http://www.calpoly.edu/~kshollen/ME347/Handouts/Blasius.pdf}},
     }
     
@article{BLI_experimental,
  author =       "D.K. Hall, E.M. Greitzer, C.S. Tan",
  title =        "Analysis of Fan Stage Desing Attributes for Boundary Layer Ingestion",
  journal =      " ASME Turbo Expo",
  year =         "2016",
}

@Book{		  13textbook,
  author	= {Mark Drela},
  title		= {Aerodynamics of Viscous Flows},
  address	= {Cambridge, MA},
  year		= {2015},
  edition	= {Draft}
}

@article{BLI_performance,
  author =       "A.P. Plas, M.A. Sargeant, V. Madani, D. Crichton, E.M. Greitzer, T.P. Hynes, C.A. Hall",
  title =        "Performance of a Boundary Layer Ingesting (BLI) Propulsion System",
  journal =      "AIAA Aerospace Sciences Meeting and Exhibit",
  year =         "2007",
}

@article{sp_engine,
  author =       "Martin York and Warren Hoburg and Mark Drela",
  title =        "Turbofan Engine Sizing and Tradeoff Analysis via Signomial Programming",
  journal =      "AIAA Journal of Aircraft",
  year =         "2017",
}

@Book{interior_point,
author = "Yurii Nesterov and Arkadi Nemirovski",
title = {Interior-Point Polynomial Algorithms in Convex Programming},
year = "1994",
chapter = {},
doi = {10.1137/1.9781611970791.bm},
}
