@ONLINE {FAIrecords,
        title = "Federation Aeronautique Internationale (FAI) Records ",
        year  = "2016",
        url   = "http://www.fai.org/records"
        }

@ARTICLE {costeco,
        author  = "Wei, W., and Hansen, M.",
        title   = "Cost Economics of Aircraft Size",
        journal = "Journal of Transport Economics and Policy",
        year    = "2003",
        volume  = "37",
        pages   = "279-296"
        }


@ARTICLE {weatheravoid,
        author  = "Cecil, D., et al.",
        title   = "Weather Avoidance Guidelines for NASA Global Hawk High‐Altitude Unmanned Aircraft Systems",
        journal = "American Meteorological Society (AMS) Annual Meeting",
        year    = "2014"
        }

@MISC {cbo,
        author = "Congressional Budget Office",
        title  = "Costs of Military Pay and Benefits in the Defense Budget",
        year   = "2012"
        }

@ARTICLE {gpkit,
        author  = "Warren Hoburg and Pieter Abbeel",
        title   = "Geometric Programming for Aircraft Design Optimization",
        journal = "AIAA",
        year    = "2014"
}

@ONLINE {rcvengines,
        author = "RCV Engines",
        title  = "Heavy Fuel UAV Engines",
        url    = "http://www.rcvengines.com/documents/rcv%20flyer.pdf"
}

@ONLINE {sullivan,
        author = "Sullivan Unmanned Vehicle",
        title  = "S676-300F-01 Alternator",
        url    = "http://www.sullivanuv.com/product-item/s676-300f-01/"
}
@MISC {UHFgs,
        title        = "Radio Modem (2.4 GHz) Base",
        howpublished = "http://store.micropilot.com/product-p/r-mic24-base.htm",
        month        = "may",
        year         = "2016"
}

@MISC {cellDataUSB,
        title        = "MiFi® 4G LTE Global USB Modem U620L",
        howpublished = "http://www.verizonwireless.com/internet-devices/verizon-mifi-4g-lte-global-usb-modem-u620l-in-black/?cmp=CSE-C-HQ-NON-R-AC-NONE-NONE-2C0PX0-PX-PLA-USB620L",
        month        = "may",
        year         = "2016"
}
@MISC {aircraftAntenna,
        title        = "L-Band Blade Antenna",
        howpublished = "http://www.verdanttelemetry.com/product-details.php?id=46\&prdtcat\_id=",
        month        = "may",
        year         = "2016"
}
@MISC {UHFaircraft,
        title        = "Radio Modem (2.4 GHz) Remote",
        howpublished = "http://store.micropilot.com/product-p/r-mic24-remote.htm",
        month        = "may",
        year         = "2016"
}
@MISC {aircraftLights,
        title        = "Blue Light - Navigation Light V-S",
        howpublished = "http://www.bluelight-tech.com/BL-NavLV-S.htm",
        month        = "may",
        year         = "2016"
}
@MISC {gsSatcom,
        title        = "IRIDIUM GO!",
        howpublished = "https://satellitephonestore.com/catalog/sale/detail/iridium-go-252",
        month        = "may",
        year         = "2016"
}

@MISC {smallengines,
        author       = "Unmanned Arial Systems Lab: University of North Dakota",
        title        = "Engine Reference",
        howpublished = "http://media.aero.und.edu/uasresearch.org/documents/195-197 Reference-Section Engines.pdf",
        month        = "feb",
        year         = "2016"
}

@ONLINE{costGlobalHawk,
        author = "sUASNews Press",
        title = "Cost of flying Northrop's Global Hawk down over 50\%",
        howpublished = "http://www.suasnews.com/2013/09/cost-of-flying-northrops-global-hawk-down-over-50-sources/",
        day = "14",
        month = "09",
        year = "2013"
}
@MISC{XFOIL,
        author = "Mark Drela",
        title = "XFOIL Subsonic Airfoil Development System",
        howpublished = "http://web.mit.edu/drela/Public/web/xfoil/",
        year = "2013"
}